

@Book{mcstability,
author = {S.P. Meyn and R.L. Tweedie},
year = {1993},
title = {Markov chains and stochastic stability},
publisher = {Springer},
place={London}, 
}

@Book{mcmchb,
author = {Steve Brooks and Andrew Gelman and Galin L. Jones and Xiao-Li Meng },
year = {2011},
title = {Handbook of Markov Chain Monte Carlo},
publisher = {CRC},
}

@book{bayessm, 
place={Oxford}, 
title={Bayesian smoothing and regression for longitudinal, spatial and event history data}, 
publisher={Oxford University Press}, 
author={Fahrmeir, Ludwig and Kneib, Thomas}, 
year={2011}}

@Book{interbayes,
author = {Adriano Polpo and Francisco Louzada
and Laura L. R. Rifo and Julio M. Stern and
Marcelo Lauretto},
year = {2015},
title = {Interdisciplinary Bayesian Statistics},
publisher = {Springer}
}

@Book{statdec,
author = {James O. Berger},
year = {1985},
title = {Statistical Decision
Theory and
Bayesian Analysis},
publisher = {Springer},
edition = {2}
}

@ARTICLE{convhmc,
   author = {{Durmus}, A. and {Moulines}, E. and {Saksman}, E.},
    title = "{On the convergence of Hamiltonian Monte Carlo}",
  journal = {arXiv e-prints},
archivePrefix = "arXiv",
   eprint = {1705.00166},
 primaryClass = "stat.CO",
 keywords = {Statistics - Computation, Mathematics - Probability},
     year = 2017,
    month = apr,
   adsurl = {http://adsabs.harvard.edu/abs/2017arXiv170500166D},
  adsnote = {Provided by the SAO/NASA Astrophysics Data System}
}

@article{nuts,
  author  = {Matthew D. Hoffman and Andrew Gelman},
  title   = {The No-U-Turn Sampler: Adaptively Setting Path Lengths in Hamiltonian Monte Carlo},
  journal = {Journal of Machine Learning Research},
  year    = {2014},
  volume  = {15},
  pages   = {1593-1623},
  url     = {http://jmlr.org/papers/v15/hoffman14a.html}
}

@inproceedings{horseshoe,
author = {Piironen, Juho and Vehtari, Aki},
year = {2017},
month = {05},
pages = {},
title = {On the Hyperprior Choice for the Global Shrinkage Parameter in the Horseshoe Prior}
}

@incollection{ghs,
  doi = {10.1007/978-3-319-50127-7_19},
  url = {https://doi.org/10.1007/978-3-319-50127-7_19},
  year  = {2016},
  publisher = {Springer International Publishing},
  pages = {229--240},
  author = {Zemei Xu and Daniel F. Schmidt and Enes Makalic and Guoqi Qian and John L. Hopper},
  title = {Bayesian Grouped Horseshoe Regression with Application to Additive Models},
  booktitle = {{AI} 2016: Advances in Artificial Intelligence}
}

@inproceedings{reparam,
 author = {Peltola, Tomi and Havulinna, Aki S. and Salomaa, Veikko and Vehtari, Aki},
 title = {Hierarchical Bayesian Survival Analysis and Projective Covariate Selection in Cardiovascular Event Risk Prediction},
 booktitle = {Proceedings of the Eleventh UAI Conference on Bayesian Modeling Applications Workshop - Volume 1218},
 series = {BMAW'14},
 year = {2014},
 location = {Quebec, Canada},
 pages = {79--88},
 numpages = {10},
 url = {http://dl.acm.org/citation.cfm?id=3020299.3020308},
 acmid = {3020308},
 publisher = {CEUR-WS.org},
 address = {Aachen, Germany, Germany}
} 

@misc{paramprob,
Author = {Juho Piironen and Aki Vehtari},
Title = {Projection predictive variable selection using Stan+R},
Year = {2015},
Eprint = {arXiv:1508.02502},
}

@inproceedings{scheipl,
  title={Bayesian Regularization and Model Selection in Structured Additive Regression Models},
  author={Fabian Scheipl},
  year={2010},
  publisher = {Dr. Hut Verlag}
}

@misc{gamsel,
Author = {Alexandra Chouldechova and Trevor Hastie},
Title = {Generalized Additive Model Selection},
Year = {2015},
Eprint = {arXiv:1506.03850},
}

@article{gam,
author = {Wood, Simon N.},
title = {Fast stable direct fitting and smoothness selection for generalized additive models},
journal = {Journal of the Royal Statistical Society: Series B (Statistical Methodology)},
volume = {70},
number = {3},
pages = {495-518},
year = {2008}
}

@misc{uci ,
author = "Dua, Dheeru and Karra Taniskidou, Efi",
year = "2017",
title = "{UCI} Machine Learning Repository",
url = "http://archive.ics.uci.edu/ml",
institution = "University of California, Irvine, School of Information and Computer Sciences" }


@article{boston,
  doi = {10.1016/0095-0696(78)90006-2},
  url = {https://doi.org/10.1016/0095-0696(78)90006-2},
  year  = {1978},
  month = {mar},
  publisher = {Elsevier {BV}},
  volume = {5},
  number = {1},
  pages = {81--102},
  author = {David Harrison and Daniel L Rubinfeld},
  title = {Hedonic housing prices and the demand for clean air},
  journal = {Journal of Environmental Economics and Management}
}

@article{gglasso,
  doi = {10.1007/s11222-014-9498-5},
  url = {https://doi.org/10.1007/s11222-014-9498-5},
  year  = {2014},
  month = {aug},
  publisher = {Springer Nature},
  volume = {25},
  number = {6},
  pages = {1129--1141},
  author = {Yi Yang and Hui Zou},
  title = {A fast unified algorithm for solving group-lasso penalize learning problems},
  journal = {Statistics and Computing}
}